@book{schacon-straub,
	Author = {Scott Shacon - Ben Straub},
	Title = {Pro Git (2nd edition)},
	Year = {2014}
}